@article{eff,
	year = 2014,
	volume = {\textbf{513}},
	number = {5},
	author = {Paterno and M. and Kowalkowski and J. and \text{Green, C.}},
	title = {{Improving robustness and computational efficiency using modern C++}},
	journal = {Journal of Physics: Conference Series},
}
@article{ATLAS,
	year = {2015},
	volume = {\textbf{664}},
	number = {7},
	author = {Catmore and J. and Cranshaw and J. and Gillam and T. and Gramstad and E. and Laycock and P. and Ozturk and N. and \text{Stewart, G.A.}},
	title = {A new petabyte-scale data derivation framework for {ATLAS}},
	journal = {Journal of Physics: Conference Series},
}